<collection xmlns="http://www.loc.gov/MARC21/slim">
<record>
  <leader>01026nam0a2200229 i 450 </leader>
  <controlfield tag="001">IT\ICCU\CNCE\074133</controlfield>
  <controlfield tag="005">20090722000000.0</controlfield>
  <datafield tag="012" ind1=" " ind2=" ">
    <subfield code="a">n.s: i:ro ime- **Et (3) 1575 (R)</subfield>
    <subfield code="2">fei</subfield>
  </datafield>
  <datafield tag="100" ind1=" " ind2=" ">
    <subfield code="a">20090609d1575        0itac0103    ba</subfield>
  </datafield>
  <datafield tag="101" ind1=" " ind2=" ">
    <subfield code="a">LAT</subfield>
  </datafield>
  <datafield tag="102" ind1=" " ind2=" ">
    <subfield code="a">IT</subfield>
  </datafield>
  <datafield tag="200" ind1="1" ind2=" ">
    <subfield code="a">Officium hebdomadae sanctae, secundum Breuiarium &amp; Missale Romanum, ex decreto concilij Tridentini, iussu Pij V restitutum ...</subfield>
  </datafield>
  <datafield tag="210" ind1=" " ind2=" ">
    <subfield code="a">\Venezia</subfield>
    <subfield code="c">Giovanni Varisco &amp; C.!</subfield>
    <subfield code="e">Veneeiis \!!</subfield>
    <subfield code="g">apud Ioannem Variscum</subfield>
    <subfield code="h">&amp; socios</subfield>
    <subfield code="h">1575</subfield>
  </datafield>
  <datafield tag="215" ind1=" " ind2=" ">
    <subfield code="a">167, \1! c.</subfield>
    <subfield code="d">12ʻ</subfield>
  </datafield>
  <datafield tag="620" ind1=" " ind2=" ">
    <subfield code="a">IT</subfield>
    <subfield code="d">Venezia</subfield>
  </datafield>
  <datafield tag="710" ind1="0" ind2="2">
    <subfield code="a">Chiesa cattolica</subfield>
    <subfield code="3">6731</subfield>
  </datafield>
  <datafield tag="712" ind1="0" ind2="0">
    <subfield code="a">Varisco, Giovanni &amp; C.</subfield>
    <subfield code="3">IT\ICCU\CNCT\002997</subfield>
    <subfield code="4">650</subfield>
  </datafield>
  <datafield tag="791" ind1="0" ind2="0">
    <subfield code="a">Guarisco, Giovanni &amp; C.</subfield>
    <subfield code="3">IT\ICCU\CNCT\006428</subfield>
    <subfield code="z">Varisco, Giovanni &amp; C.</subfield>
  </datafield>
  <datafield tag="801" ind1=" " ind2="3">
    <subfield code="a">IT</subfield>
    <subfield code="b">ICCU</subfield>
    <subfield code="c">20201115</subfield>
  </datafield>
  <datafield tag="899" ind1=" " ind2=" ">
    <subfield code="a">Biblioteca comunale San Benedetto. Norcia</subfield>
    <subfield code="1">PG0070</subfield>
    <subfield code="2">UM1 22</subfield>
  </datafield>
  <datafield tag="911" ind1=" " ind2=" ">
    <subfield code="a">Sul front.</subfield>
    <subfield code="9">IT\ICCU\CNCM\001382</subfield>
  </datafield>
  <datafield tag="921" ind1=" " ind2=" ">
    <subfield code="a">IT\ICCU\CNCM\001382</subfield>
    <subfield code="b">Sirena  bicaudata tiene le due code alzate con le mani.</subfield>
    <subfield code="c">U329</subfield>
    <subfield code="d">Dimensioni: 2,5 x 2,2</subfield>
    <subfield code="f">SIRENA</subfield>
    <subfield code="g">1562-1575</subfield>
  </datafield>
</record>
</collection>
